@misc{paginaweb,
  title        = {CiteDrive lleva la gesti√≥n de referencias a Overleaf},
  author       = {{CiteDrive, Inc}},
  year         = {2022},
  note         = {Disponible en: https://www.colegio-bourbaki.com/blog/que-es-la-incompletitud-de-godel}
}










